@article{einstein1935particle,
  title={{The particle problem in the general theory of relativity}},
  author={Einstein, A. and Rosen, N.},
  journal={Physical Review},
  volume={48},
  number={1},
  pages={73--77},
  year={1935},
  publisher={APS}
}

@book{golub1996matrix,
  title={{Matrix computations}},
  author={Golub, G.H. and Van Loan, C.F.},
  year={1996},
  publisher={Johns Hopkins Univ Pr}
}

@article{larsen1974asymptotic,
  title={{Asymptotic solution of neutron transport problems for small mean free paths}},
  author={Larsen, E.W. and Keller, J.B.},
  journal={Journal of Mathematical Physics},
  volume={15},
  pages={75},
  year={1974}
}

@Inbook{maiden04,
    author="Maiden, Neil A. M.
    and Jones, Sara V.
    and Manning, Sharon
    and Greenwood, John
    and Renou, L.",
    editor="Persson, Anne
    and Stirna, Janis",
    chapter="Model-Driven Requirements Engineering: Synchronising Models in an Air Traffic Management Case Study",
    title="Advanced Information Systems Engineering: 16th International Conference, CAiSE 2004, Riga, Latvia, June 7-11, 2004. Proceedings",
    year="2004",
    publisher="Springer Berlin Heidelberg",
    address="Berlin, Heidelberg",
    pages="368--383",
    isbn="978-3-540-25975-6",
    doi="10.1007/978-3-540-25975-6_27",
    url="http://dx.doi.org/10.1007/978-3-540-25975-6_27"
}

@Inbook{horkoff09,
    author="Horkoff, Jennifer
    and Yu, Eric",
    editor="Persson, Anne
    and Stirna, Janis",
    chapter="Evaluating Goal Achievement in Enterprise Modeling -- An Interactive Procedure and Experiences",
    title="The Practice of Enterprise Modeling: Second IFIP WG 8.1 Working Conference, PoEM 2009, Stockholm, Sweden, November 18-19, 2009. Proceedings",
    year="2009",
    publisher="Springer Berlin Heidelberg",
    address="Berlin, Heidelberg",
    pages="145--160",
    isbn="978-3-642-05352-8",
    doi="10.1007/978-3-642-05352-8_12",
    url="http://dx.doi.org/10.1007/978-3-642-05352-8_12"
}

@inproceedings{anY09,
    author = {An, Yuan and Dalrymple, Prudence W. and Rogers, Michelle and Gerrity, Patricia and Horkoff, Jennifer and Yu, Eric},
    title = {Collaborative Social Modeling for Designing a Patient Wellness Tracking System in a Nurse-managed Health Care Center},
    booktitle = {Proceedings of the 4th International Conference on Design Science Research in Information Systems and Technology},
    series = {DESRIST '09},
    year = {2009},
    isbn = {978-1-60558-408-9},
    pages = {2:1--2:14},
    articleno = {2},
    numpages = {14},
    url = {http://doi.acm.org/10.1145/1555619.1555622},
    doi = {10.1145/1555619.1555622},
    acmid = {1555622},
    publisher = {ACM},
    address = {New York, NY, USA},
    keywords = {goal-oriented analysis, health care information systems, requirements analysis, social modeling, system design},
}

@book{van09,
    title={Requirements Engineering: From System Goals to UML Models to Software Specifications},
    author={van Lamsweerde, A.},
    isbn={9780470012703},
    lccn={2008036187},
    url={https://books.google.com/books?id=AYk\_AQAAIAAJ},
    year={2009},
    publisher={Wiley}
}

@INPROCEEDINGS{heaven11, 
    author={Heaven, W. and Letier, E.}, 
    booktitle={Requirements Engineering Conference (RE), 2011 19th IEEE International}, 
    title={Simulating and optimising design decisions in quantitative goal models}, 
    year={2011}, 
    pages={79-88}, 
    keywords={formal specification;optimisation;ambulance service system;automated techniques;multiobjective optimisation algorithm;quantitative goal models;requirements engineering;Computational modeling;Equations;Mathematical model;Numerical models;Optimization;Probability distribution;System analysis and design;goal-oriented requirements engineering;quality requirements;quantitative modelling;requirements simulation and optimisation;search-based software engineering}, 
    doi={10.1109/RE.2011.6051653}, 
    ISSN={1090-705X}, 
    month={08},
}

@inproceedings{finkelstein96,
    author = {Finkelstein, A. and Dowell, J.},
    title = {A Comedy of Errors: The London Ambulance Service Case Study},
    booktitle = {Proceedings of the 8th International Workshop on Software Specification and Design},
    series = {IWSSD '96},
    year = {1996},
    isbn = {0-8186-7361-3},
    pages = {2--},
    url = {http://dl.acm.org/citation.cfm?id=857204.858287},
    acmid = {858287},
    publisher = {IEEE Computer Society},
    address = {Washington, DC, USA},
    keywords = {London Ambulance Service, case study, emergency services, formal specification, inquiry, public administration, software design, software specification},
} 


@inproceedings{anton98,
    author = {Ant\'{o}n, Annie I. and Potts, Colin},
    title = {The Use of Goals to Surface Requirements for Evolving Systems},
    booktitle = {Proceedings of the 20th International Conference on Software Engineering},
    series = {ICSE '98},
    year = {1998},
    isbn = {0-8186-8368-6},
    location = {Kyoto, Japan},
    pages = {157--166},
    numpages = {10},
    url = {http://dl.acm.org/citation.cfm?id=302163.302179},
    acmid = {302179},
    publisher = {IEEE Computer Society}
}

@book{chung00,
    author = {Chung, L. and Nixon, B. A. and Yu, E. and Mylopoulos, J.},
    citeulike-article-id = {5767952},
    keywords = {inconsistency, requirements-specification, software-engineering, viewpoints},
    posted-at = {2009-09-10 11:35:43},
    priority = {0},
    publisher = {Kluwer Academic Publishers},
    title = {{Non-Functional Requirements in Software Engineering}},
    year = {2000}
}

@INPROCEEDINGS{yu97, 
    author={Yu, E.S.K.}, 
    booktitle={Requirements Engineering, 1997., Proceedings of the Third IEEE International Symposium on}, 
    title={Towards modelling and reasoning support for early-phase requirements engineering}, 
    year={1997}, 
    pages={226-235}, 
    keywords={business data processing;formal specification;inference mechanisms;program verification;scheduling;systems analysis;automated verification;completeness;consistency;early-phase requirements engineering;i* framework;meeting scheduling;organizational context;reasoning;requirements modelling;Acoustical engineering;Knowledge engineering;Personnel;Processor scheduling}, 
    doi={10.1109/ISRE.1997.566873}, 
    month={01}
}

@article{giorgini05,
    author = {Giorgini, Paolo and Mylopoulos, John and Sebastiani, Roberto},
    title = {Goal-oriented Requirements Analysis and Reasoning in the Tropos Methodology},
    journal = {Eng. Appl. Artif. Intell.},
    issue_date = {March, 2005},
    volume = {18},
    number = {2},
    month = mar,
    year = {2005},
    issn = {0952-1976},
    pages = {159--171},
    numpages = {13},
    url = {http://dx.doi.org/10.1016/j.engappai.2004.11.017},
    doi = {10.1016/j.engappai.2004.11.017},
    acmid = {1707101},
    publisher = {Pergamon Press, Inc.},
    address = {Tarrytown, NY, USA},
    keywords = {Agent-oriented software development, Early requirements analysis, Goal-oriented requirements analysis, Multi-agent systems},
} 

@article {amyot10,
    author = {Amyot, Daniel and Ghanavati, Sepideh and Horkoff, Jennifer and Mussbacher, Gunter and Peyton, Liam and Yu, Eric},
    title = {Evaluating goal models within the goal-oriented requirement language},
    journal = {International Journal of Intelligent Systems},
    volume = {25},
    number = {8},
    publisher = {Wiley Subscription Services, Inc., A Wiley Company},
    issn = {1098-111X},
    url = {http://dx.doi.org/10.1002/int.20433},
    doi = {10.1002/int.20433},
    pages = {841--877},
    year = {2010},
}

@Article{horkoff12,
    author="Horkoff, Jennifer
    and Yu, Eric",
    title="Interactive goal model analysis for early requirements engineering",
    journal="Requirements Engineering",
    year="2014",
    pages="1--33",
    issn="1432-010X",
    doi="10.1007/s00766-014-0209-8",
    url="http://dx.doi.org/10.1007/s00766-014-0209-8"
}

@book{miettinen99,
    added-at = {2010-11-11T15:22:40.000+0100},
    author = {Miettinen, K.},
    biburl = {http://www.bibsonomy.org/bibtex/241c07e88cb7d7974ba224db2a08e1cd7/toevanen},
    interhash = {2eaa7d724ee493c2791e0435d300a1bd},
    intrahash = {41c07e88cb7d7974ba224db2a08e1cd7},
    keywords = {book optimization},
    publisher = {Kluwer Academic Publishers, Boston},
    timestamp = {2010-11-13T10:04:19.000+0100},
    title = {Nonlinear multiobjective optimization},
    year = 1999
}

@article{kirkpatrick83,
    author = {Kirkpatrick, S. and Gelatt, C. D. and Vecchi, M. P.},
    biburl = {http://www.bibsonomy.org/bibtex/29ba1c0e7e15e7686aaddc5161249c973/lopusz},
    copyright = {Copyright Â© 1983 American Association for the Advancement of Science},
    description = {JSTOR: Science, New Series, Vol. 220, No. 4598 (May 13, 1983), pp. 671-680},
    doi = {10.1126/science.220.4598.671},
    interhash = {b1a283999e322021aa344033c34e6615},
    intrahash = {9ba1c0e7e15e7686aaddc5161249c973},
    issn = {00368075},
    journal = {Science},
    jstor_articletype = {primary_article},
    jstor_formatteddate = {May 13, 1983},
    keywords = {MonteCarlo geometry_optimization},
    number = 4598,
    pages = {671--680},
    publisher = {American Association for the Advancement of Science},
    series = {New Series},
    timestamp = {2011-10-17T03:43:10.000+0200},
    title = {Optimization by Simulated Annealing},
    url = {http://www.jstor.org/stable/1690046},
    volume = 220,
    year = 1983
}

@INPROCEEDINGS{kennedy95, 
    author={Kennedy, J. and Eberhart, R.}, 
    booktitle={Neural Networks, 1995. Proceedings., IEEE International Conference on}, 
    title={Particle swarm optimization}, 
    year={1995}, 
    volume={4}, 
    pages={1942-1948 vol.4}, 
    keywords={artificial intelligence;genetic algorithms;neural nets;search problems;simulation;artificial life;evolution;genetic algorithms;multidimensional search;neural network;nonlinear functions;optimization;particle swarm;simulation;social metaphor;Artificial neural networks;Birds;Educational institutions;Genetic algorithms;Humans;Marine animals;Optimization methods;Particle swarm optimization;Performance evaluation;Testing}, 
    doi={10.1109/ICNN.1995.488968}, 
    month={11}
}

@inproceedings{fonseca93,
    author = {Fonseca, Carlos M. and Fleming, Peter J.},
    title = {Genetic Algorithms for Multiobjective Optimization: FormulationDiscussion and Generalization},
    booktitle = {Proceedings of the 5th International Conference on Genetic Algorithms},
    year = {1993},
    isbn = {1-55860-299-2},
    pages = {416--423},
    numpages = {8},
    url = {http://dl.acm.org/citation.cfm?id=645513.657757},
    acmid = {657757},
    publisher = {Morgan Kaufmann Publishers Inc.},
    address = {San Francisco, CA, USA}
} 

@Article{storn97,
    author="Storn, Rainer
    and Price, Kenneth",
    title="Differential Evolution -- A Simple and Efficient Heuristic for global Optimization over Continuous Spaces",
    journal="Journal of Global Optimization",
    year={1997}
    volume="11",
    number="4",
    pages="341--359",
    issn="1573-2916",
    doi="10.1023/A:1008202821328",
    url="http://dx.doi.org/10.1023/A:1008202821328"
}


@article{deb02,
    author = {Deb, K. and Pratap, A. and Agarwal, S. and Meyarivan, T.},
    title = {A Fast and Elitist Multiobjective Genetic Algorithm: NSGA-II},
    journal = {Trans. Evol. Comp},
    issue_date = {April 2002},
    volume = {6},
    number = {2},
    month = apr,
    year = {2002},
    issn = {1089-778X},
    pages = {182--197},
    numpages = {16},
    url = {http://dx.doi.org/10.1109/4235.996017},
    doi = {10.1109/4235.996017},
    acmid = {2221582},
    publisher = {IEEE Press},
    address = {Piscataway, NJ, USA}
} 


@inproceedings{menzies07,
    author = {Menzies, Tim and Elrawas, Oussama and Hihn, Jairus and Feather, Martin and Madachy, Ray and Boehm, Barry},
    title = {The Business Case for Automated Software Engineering},
    booktitle = {Proceedings of the Twenty-second IEEE/ACM International Conference on Automated Software Engineering},
    series = {ASE '07},
    year = {2007},
    isbn = {978-1-59593-882-4},
    location = {Atlanta, Georgia, USA},
    pages = {303--312},
    numpages = {10},
    url = {http://doi.acm.org/10.1145/1321631.1321676},
    doi = {10.1145/1321631.1321676},
    acmid = {1321676},
    publisher = {ACM},
    keywords = {COCOMO, COQUALMO, bayes, simulated annealing},
} 

@article{letier04,
    author = {Letier, Emmanuel and van Lamsweerde, Axel},
    title = {Reasoning About Partial Goal Satisfaction for Requirements and Design Engineering},
    journal = {SIGSOFT Softw. Eng. Notes},
    issue_date = {November 2004},
    volume = {29},
    number = {6},
    month = oct,
    year = {2004},
    issn = {0163-5948},
    pages = {53--62},
    numpages = {10},
    url = {http://doi.acm.org/10.1145/1041685.1029905},
    doi = {10.1145/1041685.1029905},
    acmid = {1029905},
    publisher = {ACM},
    address = {New York, NY, USA},
    keywords = {goal-oriented requirements engineering, non-functional requirements, partial satisfaction of requirements, probabilistic requirements modeling, reasoning about design alternatives},
}

@article{aurum03,
    title = "The fundamental nature of requirements engineering activities as a decision-making process ",
    journal = "Information and Software Technology ",
    volume = "45",
    number = "14",
    pages = "945 - 954",
    year = "2003",
    note = "Eighth International Workshop on Requirements Engineering: Foundation for Software Quality ",
    issn = "0950-5849",
    doi = "http://dx.doi.org/10.1016/S0950-5849(03)00096-X",
    url = "http://www.sciencedirect.com/science/article/pii/S095058490300096X",
    author = "AybÃ¼ke Aurum and Claes Wohlin",
    keywords = "Requirement engineering activities",
    keywords = "Requirements decisions",
    keywords = "Classical decision-making model",
    keywords = "Project management"
}

@article{korson92,
    author = {Korson, Timothy D. and Vaishnavi, Vijay K.},
    title = {Managing Emerging Software Technologies: A Technology Transfer Framework},
    journal = {Commun. ACM},
    issue_date = {Sept. 1992},
    volume = {35},
    number = {9},
    month = sep,
    year = {1992},
    issn = {0001-0782},
    pages = {101--111},
    numpages = {11},
    url = {http://doi.acm.org/10.1145/130994.131000},
    doi = {10.1145/130994.131000},
    acmid = {131000},
    publisher = {ACM},
    address = {New York, NY, USA},
    keywords = {analysis, modeling}
}

@book{aurum05,
    author = {Aurum, Ayb\"{u}ke and Wohlin, Claes},
    title = {Engineering and Managing Software Requirements},
    year = {2005},
    isbn = {3540250433},
    publisher = {Springer-Verlag New York, Inc.},
    address = {Secaucus, NJ, USA},
}

@ARTICLE{andriole98, 
    author={Andriole, S.}, 
    journal={Software, IEEE}, 
    title={The politics of requirements management}, 
    year={1998}, 
    volume={15}, 
    number={6}, 
    pages={82-84}, 
    keywords={formal specification;software development management;development process;requirements management;requirements specifications;software design;Contracts;Financial management;Investments;Management training;Programming;Project management;Protection;Software development management;Testing;Uncertainty}, 
    doi={10.1109/52.730850}, 
    ISSN={0740-7459}, 
    month=Nov
}

@article{strigini96,
    author = {Strigini, Lorenzo},
    title = {Limiting the Dangers of Intuitive Decision Making},
    journal = {IEEE Softw.},
    issue_date = {January 1996},
    volume = {13},
    number = {1},
    month = jan,
    year = {1996},
    issn = {0740-7459},
    pages = {101--103},
    numpages = {3},
    url = {http://dx.doi.org/10.1109/52.476293},
    doi = {10.1109/52.476293},
    acmid = {625556},
    publisher = {IEEE Computer Society Press},
    address = {Los Alamitos, CA, USA},
}

@inproceedings{sebastiani2004,
    title={Simple and minimum-cost satisfiability for goal models},
    author={Sebastiani, Roberto and Giorgini, Paolo and Mylopoulos, John},
    booktitle={Advanced Information Systems Engineering},
    pages={20--35},
    year={2004},
    organization={Springer}
}

@article{saaty87,
    title = "The analytic hierarchy process--what it is and how it is used ",
    journal = "Mathematical Modelling",
    volume = "9",
    number = "3-5",
    pages = "161 - 176",
    year = "1987",
    note = "",
    issn = "0270-0255",
    doi = "http://dx.doi.org/10.1016/0270-0255(87)90473-8",
    url = "http://www.sciencedirect.com/science/article/pii/0270025587904738",
    author = "R.W. Saaty"
}

@article{saracoglu13,
    title={Selecting industrial investment locations in master plans of countries},
    author={Saracoglu, Burak Omer},
    journal={European Journal of Industrial Engineering},
    volume={7},
    number={4},
    pages={416--441},
    year={2013},
    publisher={Inderscience Publishers Ltd}
}

@article{saaty08,
    title={Decision making with the analytic hierarchy process},
    author={Saaty, Thomas L},
    journal={International journal of services sciences},
    volume={1},
    number={1},
    pages={83--98},
    year={2008},
    publisher={Inderscience Publishers}
}

@article{metropolis53,
    title={Equation of state calculations by fast computing machines},
    author={Metropolis, Nicholas and Rosenbluth, Arianna W and Rosenbluth, Marshall N and Teller, Augusta H and Teller, Edward},
    journal={The journal of chemical physics},
    volume={21},
    number={6},
    pages={1087--1092},
    year={1953},
    publisher={AIP Publishing}
}

@inproceedings{storn96,
    title={On the usage of differential evolution for function optimization},
    author={Storn, Rainer},
    booktitle={Fuzzy Information Processing Society, 1996. NAFIPS., 1996 Biennial Conference of the North American},
    pages={519--523},
    year={1996},
    organization={IEEE}
}

@Inbook{falco07,
    author="Falco, I.
    and Cioppa, A.
    and Maisto, D.
    and Tarantino, E.",
    editor="Saad, Ashraf
    and Dahal, Keshav
    and Sarfraz, Muhammad
    and Roy, Rajkumar",
    chapter="Differential Evolution for the Registration of Remotely Sensed Images",
    title="Soft Computing in Industrial Applications: Recent Trends",
    year="2007",
    publisher="Springer Berlin Heidelberg",
    address="Berlin, Heidelberg",
    pages="40--49",
    isbn="978-3-540-70706-6",
    doi="10.1007/978-3-540-70706-6_4",
    url="http://dx.doi.org/10.1007/978-3-540-70706-6_4"
}

@article{srinivas94,
    author = {Srinivas, N. and Deb, Kalyanmoy},
    title = {Muiltiobjective Optimization Using Nondominated Sorting in Genetic Algorithms},
    journal = {Evol. Comput.},
    issue_date = {Fall 1994},
    volume = {2},
    number = {3},
    month = sep,
    year = {1994},
    issn = {1063-6560},
    pages = {221--248},
    numpages = {28},
    url = {http://dx.doi.org/10.1162/evco.1994.2.3.221},
    doi = {10.1162/evco.1994.2.3.221},
    acmid = {1326671},
    publisher = {MIT Press},
    address = {Cambridge, MA, USA},
    keywords = {Multiobjective optimization, nondominated sorting, phenotypic sharing, ranking selection},
}

@book{deb01,
    title={Multi-objective optimization using evolutionary algorithms},
    author={Deb, Kalyanmoy},
    volume={16},
    year={2001},
    publisher={John Wiley \& Sons}
}

@article{domingos97,
    title={On the optimality of the simple Bayesian classifier under zero-one loss},
    author={Domingos, Pedro and Pazzani, Michael},
    journal={Machine learning},
    volume={29},
    number={2-3},
    pages={103--130},
    year={1997},
    publisher={Springer}
}

@article{clark05,
    author={Clark, R.},
    title={Faster treatment learning},
    journal={Master's thesis, Computer Science, Portland State University},
    year={2005}
}

@inproceedings{ernst11,
    title={Finding incremental solutions for evolving requirements},
    author={Ernst, Neil A and Borgida, Alexander and Jureta, Ivan},
    booktitle={Requirements Engineering Conference (RE), 2011 19th IEEE International},
    pages={15--24},
    year={2011},
    organization={IEEE}
}

@inproceedings{ernst12,
    title={Agile requirements evolution via paraconsistent reasoning},
    author={Ernst, Neil A and Borgida, Alexander and Mylopoulos, John and Jureta, Ivan J},
    booktitle={Advanced Information Systems Engineering},
    pages={382--397},
    year={2012},
    organization={Springer}
}

@inproceedings{baresi10,
    title={Fuzzy goals for requirements-driven adaptation},
    author={Baresi, Luciano and Pasquale, Liliana and Spoletini, Paola},
    booktitle={Requirements Engineering Conference (RE), 2010 18th IEEE International},
    pages={125--134},
    year={2010},
    organization={IEEE}
}

@article{ferreira11,
    title={Reducing the risk of requirements volatility: findings from an empirical survey},
    author={Ferreira, Susan and Shunk, Dan and Collofello, James and Mackulak, Gerald and Dueck, AmyLou},
    journal={Journal of Software Maintenance and Evolution: Research and Practice},
    volume={23},
    number={5},
    pages={375--393},
    year={2011},
    publisher={Wiley Online Library}
}

@article{deKleer86,
    title={An assumption-based TMS},
    author={De Kleer, Johan},
    journal={Artificial intelligence},
    volume={28},
    number={2},
    pages={127--162},
    year={1986},
    publisher={Elsevier}
}

@techreport{beck01,
    author = {Beck, K. and Beedle, M. and van Bennekum, A. and Cockburn, A. and Cunningham, W. and Fowler, M. and Grenning, J. and Highsmith, J. and Hunt, A. and Jeffries, R. and Kern, Jon and Marick, Brian and Martin, Robert C. and Mallor, Steve and Shwaber, Ken and Sutherland, Jeff},
    citeulike-article-id = {7955278},
    institution = {The Agile Alliance},
    keywords = {657},
    posted-at = {2010-10-07 14:26:21},
    priority = {2},
    title = {{The Agile Manifesto}},
    year = {2001}
}

@inproceedings{mcgee11,
    title={Software requirements change taxonomy: evaluation by case study},
    author={McGee, Sharon and Greer, Des},
    booktitle={Requirements Engineering Conference (RE), 2011 19th IEEE International},
    pages={25--34},
    year={2011},
    organization={IEEE}
}

@article{rescher70,
    title={On inference from inconsistent premisses},
    author={Rescher, Nicholas and Manor, Ruth},
    journal={Theory and decision},
    volume={1},
    number={2},
    pages={179--217},
    year={1970},
    publisher={Springer}
}

@article{morse08,
    title={PCI DSS: Payment card industry data security standards in context},
    author={Morse, Edward A and Raval, Vasant},
    journal={Computer Law \& Security Review},
    volume={24},
    number={6},
    pages={540--554},
    year={2008},
    publisher={Elsevier}
}