
@misc{mlton01,
      title="MLton User Guide",
      author="Henry Cejtin and Matthew Fluet and Suresh Jagannathan and Stephen Weeks",
      date="6",
      month="October",
      year="2001",
      note="Available from URL \verb+http://www.sourcelight.com/MLton+"
}


@inproceedings{am91,
    author = "Andrew W. Appel and David B. MacQueen",
    title = "Standard {ML} of New Jersey",
    booktitle = "Proceedings of the Third International Symposium on Programming Language Implementation and Logic Programming",
    number = "528",
    series="Lecture No`tes in Computer Science",
    publisher = "Springer Verlag",
    editor = "J. Maluszy{\'n}ski and M. Wirsing",
    pages = "1--13",
    year = "1991"
}


